<record><leader>00000cas a2200000 a 4500</leader><controlfield tag="001">33831143</controlfield><controlfield tag="007">hd afu---baca</controlfield><controlfield tag="008">951130d19661979nbudn nea     0    0eng d</controlfield><datafield ind1=" " ind2=" " tag="010"><subfield code="a">sn 95070168 </subfield></datafield><datafield ind1=" " ind2=" " tag="040"><subfield code="a">NVG</subfield><subfield code="b">eng</subfield><subfield code="c">NVG</subfield><subfield code="d">OCL</subfield><subfield code="d">OCLCQ</subfield></datafield><datafield ind1=" " ind2=" " tag="042"><subfield code="a">msc</subfield></datafield><datafield ind1=" " ind2=" " tag="043"><subfield code="a">n-us-nb</subfield></datafield><datafield ind1="0" ind2=" " tag="130"><subfield code="a">North Platte telegraph (North Platte, Neb. : 1966)</subfield></datafield><datafield ind1="1" ind2="0" tag="245"><subfield code="a">North Platte telegraph.</subfield></datafield><datafield ind1=" " ind2=" " tag="260"><subfield code="a">North Platte, Neb. :</subfield><subfield code="b">North Platte Pub. Co., 1966-1979.</subfield></datafield><datafield ind1=" " ind2=" " tag="300"><subfield code="a">14 volumes</subfield></datafield><datafield ind1=" " ind2=" " tag="310"><subfield code="a">Daily (except Mon.),</subfield><subfield code="b">July 1-26, 1979</subfield></datafield><datafield ind1=" " ind2=" " tag="321"><subfield code="a">Daily (except Sun.),</subfield><subfield code="b">Nov. 14, 1966-Nov. 10, 1977</subfield></datafield><datafield ind1=" " ind2=" " tag="321"><subfield code="a">Daily (except Fri.),</subfield><subfield code="b">Nov. 11, 1977-June 30, 1979</subfield></datafield><datafield ind1=" " ind2=" " tag="336"><subfield code="a">text</subfield><subfield code="b">txt</subfield><subfield code="2">rdacontent</subfield></datafield><datafield ind1=" " ind2=" " tag="337"><subfield code="a">microform</subfield><subfield code="b">h</subfield><subfield code="2">rdamedia</subfield></datafield><datafield ind1=" " ind2=" " tag="338"><subfield code="a">microfilm reel</subfield><subfield code="b">hd</subfield><subfield code="2">rdacarrier</subfield></datafield><datafield ind1="0" ind2=" " tag="362"><subfield code="a">86th year, no. 267 (Nov. 14, 1966)-99th year, no. 177 (July 26, 207th day of 1979).</subfield></datafield><datafield ind1=" " ind2=" " tag="533"><subfield code="a">Microfilm.</subfield><subfield code="b">Cleveland, Ohio :</subfield><subfield code="c">Micro Photo.</subfield><subfield code="e">77 microfilm reels ; 35 mm.</subfield></datafield><datafield ind1=" " ind2=" " tag="752"><subfield code="a">United States</subfield><subfield code="b">Nebraska</subfield><subfield code="c">Lincoln</subfield><subfield code="d">North Platte.</subfield></datafield><datafield ind1="0" ind2="0" tag="780"><subfield code="t">Telegraph-bulletin (North Platte, Neb.)</subfield><subfield code="w">(DLC)sn 95070171</subfield></datafield><datafield ind1="0" ind2="0" tag="785"><subfield code="t">Telegraph (North Platte, Neb. : 1979)</subfield><subfield code="w">(DLC)sn 95070169</subfield></datafield><datafield ind1="1" ind2=" " tag="029"><subfield code="a">AU@</subfield><subfield code="b">000012176424</subfield></datafield></record>